@misc{MC,
  title = {MineCraft},
  howpublished = {\url{http://www.minecraft.com///}},
  note = "[Online accessed 10-02-2014]"
}
